@article{knuth84,
  author = {Knuth, Donald E.},
  title = {Literate Programming},
  year = {1984},
  issue_date = {May 1984},
  publisher = {Oxford University Press, Inc.},
  address = {USA},
  volume = {27},
  number = {2},
  issn = {0010-4620},
  url = {https://doi.org/10.1093/comjnl/27.2.97},
  doi = {10.1093/comjnl/27.2.97},
  journal = {Comput. J.},
  month = may,
  pages = {97â€“111},
  numpages = {15}
}

@Article{lme4,
    title = {Fitting Linear Mixed-Effects Models Using {lme4}},
    author = {Douglas Bates and Martin M{\"a}chler and Ben Bolker and Steve Walker},
    journal = {Journal of Statistical Software},
    year = {2015},
    volume = {67},
    number = {1},
    pages = {1--48},
    doi = {10.18637/jss.v067.i01},
  }

@Manual{dharma,
    title = {DHARMa: Residual Diagnostics for Hierarchical (Multi-Level / Mixed)
Regression Models},
    author = {Florian Hartig},
    year = {2022},
    note = {R package version 0.4.5},
    url = {https://CRAN.R-project.org/package=DHARMa},
  }
  
@Article{lmertest,
    title = {{lmerTest} Package: Tests in Linear Mixed Effects Models},
    author = {Alexandra Kuznetsova and Per B. Brockhoff and Rune H. B. Christensen},
    journal = {Journal of Statistical Software},
    year = {2017},
    volume = {82},
    number = {13},
    pages = {1--26},
    doi = {10.18637/jss.v082.i13},
  }

@Manual{emmeans,
    title = {emmeans: Estimated Marginal Means, aka Least-Squares Means},
    author = {Russell V. Lenth},
    year = {2022},
    note = {R package version 1.8.0},
    url = {https://CRAN.R-project.org/package=emmeans},
  }  
  
@Article{glmmtmb,
    author = {Mollie E. Brooks and Kasper Kristensen and Koen J. {van Benthem} and Arni Magnusson and Casper W. Berg and Anders Nielsen and Hans J. Skaug and Martin Maechler and Benjamin M. Bolker},
    title = {{glmmTMB} Balances Speed and Flexibility Among Packages for Zero-inflated Generalized Linear Mixed Modeling},
    year = {2017},
    journal = {The R Journal},
    url = {https://journal.r-project.org/archive/2017/RJ-2017-066/index.html},
    pages = {378--400},
    volume = {9},
    number = {2},
  }  
  
  

  